
@misc{noauthor_goprod_nodate,
	title = {{GOPROD} â€¢ {GOod} {PRactice} in {Object} oriented {Design}},
	url = {http://www.goprod.bouhours.net/},
	urldate = {2020-05-02}
}